%% This BibTeX bibliography file was created using BibDesk.
%% http://bibdesk.sourceforge.net/


%% Created for Nils Bruenggel at 2011-07-14 13:43:55 +0200 


%% Saved with string encoding Unicode (UTF-8) 



@book{cudabook,
	Author = {{David B. Kirk and Wen-mei W. Hwu}},
	Date-Added = {2011-07-14 13:42:19 +0200},
	Date-Modified = {2011-07-14 13:43:55 +0200},
	Howpublished = {\url{http://www.amazon.com/Programming-Massively-Parallel-Processors-Hands/dp/0123814723}},
	Publisher = {Morgan Kaufmann},
	Title = {Programming Massively Parallel Processors: A Hands-on Approach},
	Year = {2010}}

@misc{innovativeCFDGrid,
	Date-Added = {2011-06-16 15:06:31 +0200},
	Date-Modified = {2011-06-16 15:06:59 +0200},
	Howpublished = {\url{http://www.innovative-cfd.com/cfd-grid.html}},
	Title = {{Quick Overview of CFD Grid Terminology}}}

@misc{meshClassification,
	Date-Added = {2011-06-16 14:58:35 +0200},
	Date-Modified = {2011-06-16 14:59:17 +0200},
	Howpublished = {\url{http://www.cfd-online.com/Wiki/Mesh_classification}},
	Title = {{Mesh classification --- CFD-Wiki, the free CFD reference}}}

@misc{eulerianLagrangian,
	Date-Added = {2011-06-16 14:09:04 +0200},
	Date-Modified = {2011-06-16 14:10:46 +0200},
	Howpublished = {\url{http://en.wikipedia.org/wiki/Lagrangian_and_Eulerian_specification_of_the_flow_field}},
	Keywords = {wikipedia},
	Title = {{Lagrangian and Eulerian specification of the flow field --- Wikipedia, The Free Encyclopedia}},
	Year = {2011}}

@misc{fparser,
	Date-Added = {2011-06-15 15:45:54 +0200},
	Date-Modified = {2011-06-15 15:46:24 +0200},
	Howpublished = {\url{http://code.google.com/p/f2py/}},
	Title = {{f2py - Fortran to Python Interface Generator}}}

@misc{tegra,
	Date-Added = {2011-06-14 19:50:21 +0200},
	Date-Modified = {2011-06-15 10:32:35 +0200},
	Howpublished = {\url{http://www.nvidia.com/object/tegra.html}},
	Title = {{Nvidia Tegra}},
	Year = {2011}}

@manual{cudaBestPractices,
	Date-Added = {2011-06-14 18:34:10 +0200},
	Date-Modified = {2011-06-15 10:33:40 +0200},
	Keywords = {cuda},
	Organization = {Nvidia},
	Title = {{CUDA C Best Practices Guide 4.0}},
	Year = {2011},
	Bdsk-File-1 = {YnBsaXN0MDDUAQIDBAUIJidUJHRvcFgkb2JqZWN0c1gkdmVyc2lvblkkYXJjaGl2ZXLRBgdUcm9vdIABqAkKFRYXGyIjVSRudWxs0wsMDQ4RFFpOUy5vYmplY3RzV05TLmtleXNWJGNsYXNzog8QgASABqISE4ACgAOAB1lhbGlhc0RhdGFccmVsYXRpdmVQYXRo0hgNGRpXTlMuZGF0YU8RAbAAAAAAAbAAAgAADE1hY2ludG9zaCBIRAAAAAAAAAAAAAAAAAAAAMebJgNIKwAAAB/iGh9DVURBX0NfQmVzdF9QcmFjdGljZXNfR3VpZGUucGRmAAAAAAAAAAAAAAAAAAAAAAAAAAAAAAAAAAAAAAAAAAAAnqtWyYhFDQAAAAAAAAAAAAcABQAACSAAAAAAAAAAAAAAAAAAAAADZG9jAAAQAAgAAMebF/MAAAARAAgAAMmINv0AAAABABAAH+IaAB/hgAAK4oAAAAEwAAIAP01hY2ludG9zaCBIRDp1c3I6bG9jYWw6Y3VkYTpkb2M6Q1VEQV9DX0Jlc3RfUHJhY3RpY2VzX0d1aWRlLnBkZgAADgBAAB8AQwBVAEQAQQBfAEMAXwBCAGUAcwB0AF8AUAByAGEAYwB0AGkAYwBlAHMAXwBHAHUAaQBkAGUALgBwAGQAZgAPABoADABNAGEAYwBpAG4AdABvAHMAaAAgAEgARAASADJ1c3IvbG9jYWwvY3VkYS9kb2MvQ1VEQV9DX0Jlc3RfUHJhY3RpY2VzX0d1aWRlLnBkZgATAAEvAP//AACABdIcHR4fWCRjbGFzc2VzWiRjbGFzc25hbWWjHyAhXU5TTXV0YWJsZURhdGFWTlNEYXRhWE5TT2JqZWN0XxBHLi4vLi4vLi4vLi4vLi4vLi4vLi4vdXNyL2xvY2FsL2N1ZGEvZG9jL0NVREFfQ19CZXN0X1ByYWN0aWNlc19HdWlkZS5wZGbSHB0kJaIlIVxOU0RpY3Rpb25hcnkSAAGGoF8QD05TS2V5ZWRBcmNoaXZlcgAIABEAFgAfACgAMgA1ADoAPABFAEsAUgBdAGUAbABvAHEAcwB2AHgAegB8AIYAkwCYAKACVAJWAlsCZAJvAnMCgQKIApEC2wLgAuMC8AL1AAAAAAAAAgEAAAAAAAAAKAAAAAAAAAAAAAAAAAAAAwc=}}

@misc{octree,
	Date-Added = {2011-06-12 15:07:08 +0200},
	Date-Modified = {2011-06-15 10:29:21 +0200},
	Howpublished = {\url{http://foam.sf.net/doc/Doxygen/html/classFoam_1_1octree.html}},
	Title = {{Octree library in OpenFOAM}}}

@misc{cusp,
	Date-Added = {2011-06-12 13:28:05 +0200},
	Date-Modified = {2011-06-15 10:33:17 +0200},
	Howpublished = {\url{http://code.google.com/p/cusp-library/}},
	Title = {{CUSP - Generic Parallel Algorithms for Sparse Matrix and Graph Computations}},
	Year = {2011}}

@misc{openfoamParallel,
	Date-Added = {2011-06-12 13:13:45 +0200},
	Date-Modified = {2011-07-11 17:36:14 +0200},
	Howpublished = {\url{http://www.openfoam.com/docs/user/running-applications-parallel.php}},
	Keywords = {openfoam},
	Title = {Running applications in parallel},
	Year = {2011}}

@misc{fusionWhitepaper,
	Author = {Nathan Brookwood},
	Date-Added = {2011-06-11 16:52:50 +0200},
	Date-Modified = {2011-06-15 10:33:49 +0200},
	Howpublished = {\url{http://www.amd.com/us/Documents/48423_fusion_whitepaper_WEB.pdf}},
	Title = {{AMD FusionTM Family of APUs: Enabling a Superior, Immersive PC Experience}},
	Year = {2010}}

@misc{computeprof,
	Date-Added = {2011-06-11 15:05:04 +0200},
	Date-Modified = {2011-06-15 10:32:30 +0200},
	Howpublished = {\url{http://developer.nvidia.com/content/nvidia-visual-profiler}},
	Keywords = {cuda},
	Title = {{Nvidia Compute Visual Profiler}},
	Year = {2011}}

@misc{thrust,
	Date-Added = {2011-06-09 19:41:33 +0200},
	Date-Modified = {2011-06-15 10:31:36 +0200},
	Howpublished = {\url{http://code.google.com/p/thrust/}},
	Title = {{Thrust - Code at the speed of light}},
	Year = {2011}}

@inproceedings{thrustRadixSort,
	Author = {Satish N. and Harris M. and Garland M.},
	Booktitle = {Proceedings of IEEE International Parallel and Distributed Processing Symposium 2009},
	Date-Added = {2011-06-09 19:38:26 +0200},
	Date-Modified = {2011-06-15 10:33:11 +0200},
	Keywords = {cuda},
	Title = {{Designing Efficient Sorting Algorithms for Manycore GPUs}},
	Year = {2009},
	Bdsk-File-1 = {YnBsaXN0MDDUAQIDBAUIJidUJHRvcFgkb2JqZWN0c1gkdmVyc2lvblkkYXJjaGl2ZXLRBgdUcm9vdIABqAkKFRYXGyIjVSRudWxs0wsMDQ4RFFpOUy5vYmplY3RzV05TLmtleXNWJGNsYXNzog8QgASABqISE4ACgAOAB1lhbGlhc0RhdGFccmVsYXRpdmVQYXRo0hgNGRpXTlMuZGF0YU8RAc4AAAAAAc4AAgAADE1hY2ludG9zaCBIRAAAAAAAAAAAAAAAAAAAAMebJgNIKwAAAJ24AhNncHVzb3J0LWlwZHBzMDkucGRmAAAAAAAAAAAAAAAAAAAAAAAAAAAAAAAAAAAAAAAAAAAAAAAAAAAAAAAAAAAAp6JQyhbRqwAAAAAAAAAAAAEAAgAACSAAAAAAAAAAAAAAAAAAAAAKbGl0ZXJhdHVyZQAQAAgAAMebF/MAAAARAAgAAMoWtYsAAAABABwAnbgCAJixgQCYr2kAVHnNAFR5yAAFuiEAAJGhAAIATk1hY2ludG9zaCBIRDpVc2VyczpuaWxzOnN2bjp0YWJydWVuZzpUaGVzaXM6ZG9jOmxpdGVyYXR1cmU6Z3B1c29ydC1pcGRwczA5LnBkZgAOACgAEwBnAHAAdQBzAG8AcgB0AC0AaQBwAGQAcABzADAAOQAuAHAAZABmAA8AGgAMAE0AYQBjAGkAbgB0AG8AcwBoACAASABEABIAQVVzZXJzL25pbHMvc3ZuL3RhYnJ1ZW5nL1RoZXNpcy9kb2MvbGl0ZXJhdHVyZS9ncHVzb3J0LWlwZHBzMDkucGRmAAATAAEvAAAVAAIAC///AACABdIcHR4fWCRjbGFzc2VzWiRjbGFzc25hbWWjHyAhXU5TTXV0YWJsZURhdGFWTlNEYXRhWE5TT2JqZWN0XxAhLi4vbGl0ZXJhdHVyZS9ncHVzb3J0LWlwZHBzMDkucGRm0hwdJCWiJSFcTlNEaWN0aW9uYXJ5EgABhqBfEA9OU0tleWVkQXJjaGl2ZXIACAARABYAHwAoADIANQA6ADwARQBLAFIAXQBlAGwAbwBxAHMAdgB4AHoAfACGAJMAmACgAnICdAJ5AoICjQKRAp8CpgKvAtMC2ALbAugC7QAAAAAAAAIBAAAAAAAAACgAAAAAAAAAAAAAAAAAAAL/}}

@misc{occupancySpreadsheet,
	Date-Added = {2011-06-09 16:58:45 +0200},
	Date-Modified = {2011-06-15 10:33:32 +0200},
	Howpublished = {\url{http://developer.download.nvidia.com/compute/cuda/CUDA_Occupancy_calculator.xls}},
	Title = {{CUDA GPU Occupancy Calculator}}}

@article{schillerNaumann,
	Author = {L. Schiller and Z. Naumann},
	Date-Added = {2011-06-08 10:51:28 +0200},
	Date-Modified = {2011-07-11 15:10:18 +0200},
	Journal = {Zeitschrift des Vereins Deutscher Ingenieure},
	Title = {{\"Uber die grundlegenden Berechnungen bei der Schwerkraftaufbereitung}},
	Year = {1933},
	Bdsk-File-1 = {YnBsaXN0MDDUAQIDBAUIJidUJHRvcFgkb2JqZWN0c1gkdmVyc2lvblkkYXJjaGl2ZXLRBgdUcm9vdIABqAkKFRYXGyIjVSRudWxs0wsMDQ4RFFpOUy5vYmplY3RzV05TLmtleXNWJGNsYXNzog8QgASABqISE4ACgAOAB1lhbGlhc0RhdGFccmVsYXRpdmVQYXRo0hgNGRpXTlMuZGF0YU8RAc4AAAAAAc4AAgAADE1hY2ludG9zaCBIRAAAAAAAAAAAAAAAAAAAAMebJgNIKwAAAJ24AhNTY2hpbGxlck5hdW1hbm4ucGRmAAAAAAAAAAAAAAAAAAAAAAAAAAAAAAAAAAAAAAAAAAAAAAAAAAAAAAAAAAAAp5kTyhaA8AAAAAAAAAAAAAEAAgAACSAAAAAAAAAAAAAAAAAAAAAKbGl0ZXJhdHVyZQAQAAgAAMebF/MAAAARAAgAAMoWZNAAAAABABwAnbgCAJixgQCYr2kAVHnNAFR5yAAFuiEAAJGhAAIATk1hY2ludG9zaCBIRDpVc2VyczpuaWxzOnN2bjp0YWJydWVuZzpUaGVzaXM6ZG9jOmxpdGVyYXR1cmU6U2NoaWxsZXJOYXVtYW5uLnBkZgAOACgAEwBTAGMAaABpAGwAbABlAHIATgBhAHUAbQBhAG4AbgAuAHAAZABmAA8AGgAMAE0AYQBjAGkAbgB0AG8AcwBoACAASABEABIAQVVzZXJzL25pbHMvc3ZuL3RhYnJ1ZW5nL1RoZXNpcy9kb2MvbGl0ZXJhdHVyZS9TY2hpbGxlck5hdW1hbm4ucGRmAAATAAEvAAAVAAIAC///AACABdIcHR4fWCRjbGFzc2VzWiRjbGFzc25hbWWjHyAhXU5TTXV0YWJsZURhdGFWTlNEYXRhWE5TT2JqZWN0XxAhLi4vbGl0ZXJhdHVyZS9TY2hpbGxlck5hdW1hbm4ucGRm0hwdJCWiJSFcTlNEaWN0aW9uYXJ5EgABhqBfEA9OU0tleWVkQXJjaGl2ZXIACAARABYAHwAoADIANQA6ADwARQBLAFIAXQBlAGwAbwBxAHMAdgB4AHoAfACGAJMAmACgAnICdAJ5AoICjQKRAp8CpgKvAtMC2ALbAugC7QAAAAAAAAIBAAAAAAAAACgAAAAAAAAAAAAAAAAAAAL/}}

@manual{ptxman,
	Date-Added = {2011-06-07 18:32:57 +0200},
	Date-Modified = {2011-06-15 10:29:14 +0200},
	Keywords = {cuda},
	Organization = {Nvidia},
	Title = {{PTX: Parallel Thread Execution ISA 2.3}},
	Year = {2011},
	Bdsk-File-1 = {YnBsaXN0MDDUAQIDBAUIJidUJHRvcFgkb2JqZWN0c1gkdmVyc2lvblkkYXJjaGl2ZXLRBgdUcm9vdIABqAkKFRYXGyIjVSRudWxs0wsMDQ4RFFpOUy5vYmplY3RzV05TLmtleXNWJGNsYXNzog8QgASABqISE4ACgAOAB1lhbGlhc0RhdGFccmVsYXRpdmVQYXRo0hgNGRpXTlMuZGF0YU8RAXAAAAAAAXAAAgAADE1hY2ludG9zaCBIRAAAAAAAAAAAAAAAAAAAAMebJgNIKwAAAB/iGg9wdHhfaXNhXzIuMy5wZGYAAAAAAAAAAAAAAAAAAAAAAAAAAAAAAAAAAAAAAAAAAAAAAAAAAAAAAAAAAAAAAAAAnq5ryYhFDQAAAAAAAAAAAAcABQAACSAAAAAAAAAAAAAAAAAAAAADZG9jAAAQAAgAAMebF/MAAAARAAgAAMmINv0AAAABABAAH+IaAB/hgAAK4oAAAAEwAAIAL01hY2ludG9zaCBIRDp1c3I6bG9jYWw6Y3VkYTpkb2M6cHR4X2lzYV8yLjMucGRmAAAOACAADwBwAHQAeABfAGkAcwBhAF8AMgAuADMALgBwAGQAZgAPABoADABNAGEAYwBpAG4AdABvAHMAaAAgAEgARAASACJ1c3IvbG9jYWwvY3VkYS9kb2MvcHR4X2lzYV8yLjMucGRmABMAAS8A//8AAIAF0hwdHh9YJGNsYXNzZXNaJGNsYXNzbmFtZaMfICFdTlNNdXRhYmxlRGF0YVZOU0RhdGFYTlNPYmplY3RfEDcuLi8uLi8uLi8uLi8uLi8uLi8uLi91c3IvbG9jYWwvY3VkYS9kb2MvcHR4X2lzYV8yLjMucGRm0hwdJCWiJSFcTlNEaWN0aW9uYXJ5EgABhqBfEA9OU0tleWVkQXJjaGl2ZXIACAARABYAHwAoADIANQA6ADwARQBLAFIAXQBlAGwAbwBxAHMAdgB4AHoAfACGAJMAmACgAhQCFgIbAiQCLwIzAkECSAJRAosCkAKTAqACpQAAAAAAAAIBAAAAAAAAACgAAAAAAAAAAAAAAAAAAAK3}}

@misc{videogamesRevenue,
	Author = {Matthew Yi},
	Date-Added = {2011-06-07 17:43:28 +0200},
	Date-Modified = {2011-06-15 10:29:08 +0200},
	Howpublished = {\url{http://www.sfgate.com/cgi-bin/article.cgi?f=/chronicle/archive/2004/12/18/MNGUOAE36I1.DTL}},
	Title = {{THEY GOT GAME - Stacks of new releases for hungry video game enthusiasts mean it's boom time for an industry now even bigger than Hollywood}},
	Year = {2004}}

@manual{fermiWhitepaper,
	Date-Added = {2011-06-07 17:34:19 +0200},
	Date-Modified = {2011-06-15 10:32:55 +0200},
	Keywords = {cuda},
	Organization = {Nvidia},
	Title = {{Fermi Whitepaper}},
	Year = {2009},
	Bdsk-File-1 = {YnBsaXN0MDDUAQIDBAUIJidUJHRvcFgkb2JqZWN0c1gkdmVyc2lvblkkYXJjaGl2ZXLRBgdUcm9vdIABqAkKFRYXGyIjVSRudWxs0wsMDQ4RFFpOUy5vYmplY3RzV05TLmtleXNWJGNsYXNzog8QgASABqISE4ACgAOAB1lhbGlhc0RhdGFccmVsYXRpdmVQYXRo0hgNGRpXTlMuZGF0YU8RAjAAAAAAAjAAAgAADE1hY2ludG9zaCBIRAAAAAAAAAAAAAAAAAAAAMebJgNIKwAAAJ24Ah9OVklESUFfRmVybWlfQ29tcHV0ZSNBNzNCNzYucGRmAAAAAAAAAAAAAAAAAAAAAAAAAAAAAAAAAAAAAAAAAAAApzt2yhQR3AAAAAAAAAAAAAEAAgAACSAAAAAAAAAAAAAAAAAAAAAKbGl0ZXJhdHVyZQAQAAgAAMebF/MAAAARAAgAAMoT9bwAAAABABwAnbgCAJixgQCYr2kAVHnNAFR5yAAFuiEAAJGhAAIAWk1hY2ludG9zaCBIRDpVc2VyczpuaWxzOnN2bjp0YWJydWVuZzpUaGVzaXM6ZG9jOmxpdGVyYXR1cmU6TlZJRElBX0Zlcm1pX0NvbXB1dGUjQTczQjc2LnBkZgAOAGIAMABOAFYASQBEAEkAQQBfAEYAZQByAG0AaQBfAEMAbwBtAHAAdQB0AGUAXwBBAHIAYwBoAGkAdABlAGMAdAB1AHIAZQBfAFcAaABpAHQAZQBwAGEAcABlAHIALgBwAGQAZgAPABoADABNAGEAYwBpAG4AdABvAHMAaAAgAEgARAASAF5Vc2Vycy9uaWxzL3N2bi90YWJydWVuZy9UaGVzaXMvZG9jL2xpdGVyYXR1cmUvTlZJRElBX0Zlcm1pX0NvbXB1dGVfQXJjaGl0ZWN0dXJlX1doaXRlcGFwZXIucGRmABMAAS8AABUAAgAL//8AAIAF0hwdHh9YJGNsYXNzZXNaJGNsYXNzbmFtZaMfICFdTlNNdXRhYmxlRGF0YVZOU0RhdGFYTlNPYmplY3RfED4uLi9saXRlcmF0dXJlL05WSURJQV9GZXJtaV9Db21wdXRlX0FyY2hpdGVjdHVyZV9XaGl0ZXBhcGVyLnBkZtIcHSQloiUhXE5TRGljdGlvbmFyeRIAAYagXxAPTlNLZXllZEFyY2hpdmVyAAgAEQAWAB8AKAAyADUAOgA8AEUASwBSAF0AZQBsAG8AcQBzAHYAeAB6AHwAhgCTAJgAoALUAtYC2wLkAu8C8wMBAwgDEQNSA1cDWgNnA2wAAAAAAAACAQAAAAAAAAAoAAAAAAAAAAAAAAAAAAADfg==}}

@manual{cudaguide,
	Date-Added = {2011-06-07 17:32:36 +0200},
	Date-Modified = {2011-06-15 10:33:36 +0200},
	Keywords = {cuda},
	Organization = {Nvidia},
	Title = {{CUDA C Programming Guide 4.0}},
	Year = {2011},
	Bdsk-File-1 = {YnBsaXN0MDDUAQIDBAUIJidUJHRvcFgkb2JqZWN0c1gkdmVyc2lvblkkYXJjaGl2ZXLRBgdUcm9vdIABqAkKFRYXGyIjVSRudWxs0wsMDQ4RFFpOUy5vYmplY3RzV05TLmtleXNWJGNsYXNzog8QgASABqISE4ACgAOAB1lhbGlhc0RhdGFccmVsYXRpdmVQYXRo0hgNGRpXTlMuZGF0YU8RAaQAAAAAAaQAAgAADE1hY2ludG9zaCBIRAAAAAAAAAAAAAAAAAAAAMebJgNIKwAAAB/iGhxDVURBX0NfUHJvZ3JhbW1pbmdfR3VpZGUucGRmAAAAAAAAAAAAAAAAAAAAAAAAAAAAAAAAAAAAAAAAAAAAAAAAnqtXyYhFDQAAAAAAAAAAAAcABQAACSAAAAAAAAAAAAAAAAAAAAADZG9jAAAQAAgAAMebF/MAAAARAAgAAMmINv0AAAABABAAH+IaAB/hgAAK4oAAAAEwAAIAPE1hY2ludG9zaCBIRDp1c3I6bG9jYWw6Y3VkYTpkb2M6Q1VEQV9DX1Byb2dyYW1taW5nX0d1aWRlLnBkZgAOADoAHABDAFUARABBAF8AQwBfAFAAcgBvAGcAcgBhAG0AbQBpAG4AZwBfAEcAdQBpAGQAZQAuAHAAZABmAA8AGgAMAE0AYQBjAGkAbgB0AG8AcwBoACAASABEABIAL3Vzci9sb2NhbC9jdWRhL2RvYy9DVURBX0NfUHJvZ3JhbW1pbmdfR3VpZGUucGRmAAATAAEvAP//AACABdIcHR4fWCRjbGFzc2VzWiRjbGFzc25hbWWjHyAhXU5TTXV0YWJsZURhdGFWTlNEYXRhWE5TT2JqZWN0XxBELi4vLi4vLi4vLi4vLi4vLi4vLi4vdXNyL2xvY2FsL2N1ZGEvZG9jL0NVREFfQ19Qcm9ncmFtbWluZ19HdWlkZS5wZGbSHB0kJaIlIVxOU0RpY3Rpb25hcnkSAAGGoF8QD05TS2V5ZWRBcmNoaXZlcgAIABEAFgAfACgAMgA1ADoAPABFAEsAUgBdAGUAbABvAHEAcwB2AHgAegB8AIYAkwCYAKACSAJKAk8CWAJjAmcCdQJ8AoUCzALRAtQC4QLmAAAAAAAAAgEAAAAAAAAAKAAAAAAAAAAAAAAAAAAAAvg=}}

@misc{cudaparticles,
	Author = {Simon Green},
	Date-Added = {2011-06-03 18:24:46 +0200},
	Date-Modified = {2011-06-15 10:29:37 +0200},
	Title = {{Particle Simulation using CUDA}},
	Year = {2010}}

@misc{jasakMeshHandling,
	Author = {Hrvoje Jasak},
	Date-Added = {2011-06-03 16:19:22 +0200},
	Date-Modified = {2011-06-15 10:31:59 +0200},
	Keywords = {openfoam},
	Title = {{Polyhedral Mesh Handling in OpenFOAM}},
	Year = {2005},
	Bdsk-File-1 = {YnBsaXN0MDDUAQIDBAUIJidUJHRvcFgkb2JqZWN0c1gkdmVyc2lvblkkYXJjaGl2ZXLRBgdUcm9vdIABqAkKFRYXGyIjVSRudWxs0wsMDQ4RFFpOUy5vYmplY3RzV05TLmtleXNWJGNsYXNzog8QgASABqISE4ACgAOAB1lhbGlhc0RhdGFccmVsYXRpdmVQYXRo0hgNGRpXTlMuZGF0YU8RAcIAAAAAAcIAAgAADE1hY2ludG9zaCBIRAAAAAAAAAAAAAAAAAAAAMebJgNIKwAAAJ24AhBNZXNoSGFuZGxpbmcucGRmAAAAAAAAAAAAAAAAAAAAAAAAAAAAAAAAAAAAAAAAAAAAAAAAAAAAAAAAAAAAAAAApwHdyg66BwAAAAAAAAAAAAEAAgAACSAAAAAAAAAAAAAAAAAAAAAKbGl0ZXJhdHVyZQAQAAgAAMebF/MAAAARAAgAAMoOnecAAAABABwAnbgCAJixgQCYr2kAVHnNAFR5yAAFuiEAAJGhAAIAS01hY2ludG9zaCBIRDpVc2VyczpuaWxzOnN2bjp0YWJydWVuZzpUaGVzaXM6ZG9jOmxpdGVyYXR1cmU6TWVzaEhhbmRsaW5nLnBkZgAADgAiABAATQBlAHMAaABIAGEAbgBkAGwAaQBuAGcALgBwAGQAZgAPABoADABNAGEAYwBpAG4AdABvAHMAaAAgAEgARAASAD5Vc2Vycy9uaWxzL3N2bi90YWJydWVuZy9UaGVzaXMvZG9jL2xpdGVyYXR1cmUvTWVzaEhhbmRsaW5nLnBkZgATAAEvAAAVAAIAC///AACABdIcHR4fWCRjbGFzc2VzWiRjbGFzc25hbWWjHyAhXU5TTXV0YWJsZURhdGFWTlNEYXRhWE5TT2JqZWN0XxAeLi4vbGl0ZXJhdHVyZS9NZXNoSGFuZGxpbmcucGRm0hwdJCWiJSFcTlNEaWN0aW9uYXJ5EgABhqBfEA9OU0tleWVkQXJjaGl2ZXIACAARABYAHwAoADIANQA6ADwARQBLAFIAXQBlAGwAbwBxAHMAdgB4AHoAfACGAJMAmACgAmYCaAJtAnYCgQKFApMCmgKjAsQCyQLMAtkC3gAAAAAAAAIBAAAAAAAAACgAAAAAAAAAAAAAAAAAAALw}}

@mastersthesis{liu11,
	Author = {YUAN LIU},
	Date-Added = {2011-06-03 15:53:12 +0200},
	Date-Modified = {2011-06-15 10:32:45 +0200},
	Keywords = {openfoam},
	School = {KTH Information and Communication Technology},
	Title = {{Hybrid Parallel Computation of OpenFOAM Solver on Multi-Core Cluster Systems}},
	Year = {2011},
	Bdsk-File-1 = {YnBsaXN0MDDUAQIDBAUIJidUJHRvcFgkb2JqZWN0c1gkdmVyc2lvblkkYXJjaGl2ZXLRBgdUcm9vdIABqAkKFRYXGyIjVSRudWxs0wsMDQ4RFFpOUy5vYmplY3RzV05TLmtleXNWJGNsYXNzog8QgASABqISE4ACgAOAB1lhbGlhc0RhdGFccmVsYXRpdmVQYXRo0hgNGRpXTlMuZGF0YU8RAdoAAAAAAdoAAgAADE1hY2ludG9zaCBIRAAAAAAAAAAAAAAAAAAAAMebJgNIKwAAAJ24AhZPcGVuRm9hbVdpdGhPcGVubXAucGRmAAAAAAAAAAAAAAAAAAAAAAAAAAAAAAAAAAAAAAAAAAAAAAAAAAAAAAAApwFXyg6zwAAAAAAAAAAAAAEAAgAACSAAAAAAAAAAAAAAAAAAAAAKbGl0ZXJhdHVyZQAQAAgAAMebF/MAAAARAAgAAMoOl6AAAAABABwAnbgCAJixgQCYr2kAVHnNAFR5yAAFuiEAAJGhAAIAUU1hY2ludG9zaCBIRDpVc2VyczpuaWxzOnN2bjp0YWJydWVuZzpUaGVzaXM6ZG9jOmxpdGVyYXR1cmU6T3BlbkZvYW1XaXRoT3Blbm1wLnBkZgAADgAuABYATwBwAGUAbgBGAG8AYQBtAFcAaQB0AGgATwBwAGUAbgBtAHAALgBwAGQAZgAPABoADABNAGEAYwBpAG4AdABvAHMAaAAgAEgARAASAERVc2Vycy9uaWxzL3N2bi90YWJydWVuZy9UaGVzaXMvZG9jL2xpdGVyYXR1cmUvT3BlbkZvYW1XaXRoT3Blbm1wLnBkZgATAAEvAAAVAAIAC///AACABdIcHR4fWCRjbGFzc2VzWiRjbGFzc25hbWWjHyAhXU5TTXV0YWJsZURhdGFWTlNEYXRhWE5TT2JqZWN0XxAkLi4vbGl0ZXJhdHVyZS9PcGVuRm9hbVdpdGhPcGVubXAucGRm0hwdJCWiJSFcTlNEaWN0aW9uYXJ5EgABhqBfEA9OU0tleWVkQXJjaGl2ZXIACAARABYAHwAoADIANQA6ADwARQBLAFIAXQBlAGwAbwBxAHMAdgB4AHoAfACGAJMAmACgAn4CgAKFAo4CmQKdAqsCsgK7AuIC5wLqAvcC/AAAAAAAAAIBAAAAAAAAACgAAAAAAAAAAAAAAAAAAAMO}}

@manual{cpp,
	Author = {Pete Becker},
	Date-Added = {2011-06-03 14:15:22 +0200},
	Date-Modified = {2011-06-15 10:32:09 +0200},
	Organization = {ISO},
	Title = {{Working Draft, Standard for Programming Language C++}},
	Year = {2011},
	Bdsk-File-1 = {YnBsaXN0MDDUAQIDBAUIJidUJHRvcFgkb2JqZWN0c1gkdmVyc2lvblkkYXJjaGl2ZXLRBgdUcm9vdIABqAkKFRYXGyIjVSRudWxs0wsMDQ4RFFpOUy5vYmplY3RzV05TLmtleXNWJGNsYXNzog8QgASABqISE4ACgAOAB1lhbGlhc0RhdGFccmVsYXRpdmVQYXRo0hgNGRpXTlMuZGF0YU8RAYIAAAAAAYIAAgAADE1hY2ludG9zaCBIRAAAAAAAAAAAAAAAAAAAAMebJgNIKwAAAGCY1wluMzI5MC5wZGYAAAAAAAAAAAAAAAAAAAAAAAAAAAAAAAAAAAAAAAAAAAAAAAAAAAAAAAAAAAAAAAAAAAAAAAAAp0wCyhUpAAAAAAAAAAAAAAUAAwAACSAAAAAAAAAAAAAAAAAAAAALUHJvZ3JhbW1pbmcAABAACAAAx5sX8wAAABEACAAAyhUM4AAAAAEAEABgmNcAB7LfAAW6IQAAkaEAAgA3TWFjaW50b3NoIEhEOlVzZXJzOm5pbHM6RG9jdW1lbnRzOlByb2dyYW1taW5nOm4zMjkwLnBkZgAADgAUAAkAbgAzADIAOQAwAC4AcABkAGYADwAaAAwATQBhAGMAaQBuAHQAbwBzAGgAIABIAEQAEgAqVXNlcnMvbmlscy9Eb2N1bWVudHMvUHJvZ3JhbW1pbmcvbjMyOTAucGRmABMAAS8AABUAAgAL//8AAIAF0hwdHh9YJGNsYXNzZXNaJGNsYXNzbmFtZaMfICFdTlNNdXRhYmxlRGF0YVZOU0RhdGFYTlNPYmplY3RfEC4uLi8uLi8uLi8uLi8uLi9Eb2N1bWVudHMvUHJvZ3JhbW1pbmcvbjMyOTAucGRm0hwdJCWiJSFcTlNEaWN0aW9uYXJ5EgABhqBfEA9OU0tleWVkQXJjaGl2ZXIACAARABYAHwAoADIANQA6ADwARQBLAFIAXQBlAGwAbwBxAHMAdgB4AHoAfACGAJMAmACgAiYCKAItAjYCQQJFAlMCWgJjApQCmQKcAqkCrgAAAAAAAAIBAAAAAAAAACgAAAAAAAAAAAAAAAAAAALA}}

@misc{ofgpu,
	Author = {Symscape},
	Date-Added = {2011-05-04 10:21:37 +0200},
	Date-Modified = {2011-06-15 10:32:51 +0200},
	Howpublished = {\url{http://www.symscape.com/gpu-openfoam}},
	Keywords = {cuda},
	Title = {{GPU Linear Solver Library for OpenFOAM}},
	Year = {2011}}

@misc{speedit,
	Author = {Vratis ltd},
	Date-Added = {2011-05-04 10:20:12 +0200},
	Date-Modified = {2011-06-15 10:31:30 +0200},
	Howpublished = {\url{http://vratis.com/speedITblog/}},
	Keywords = {cuda},
	Title = {{SpeedIT Tools: Beyond Acceleration}},
	Year = {2011}}

@book{pope00,
	Author = {Steven Pope},
	Date-Added = {2011-05-03 17:04:51 +0200},
	Date-Modified = {2011-06-15 10:32:19 +0200},
	Publisher = {Cambridge},
	Title = {{Turbulent Flows}},
	Year = {2000}}

@techreport{jenny00,
	Author = {P. Jenny and S. B. Pope and M. Muradoglu and D. A. Caughey},
	Date-Added = {2011-05-03 15:36:59 +0200},
	Date-Modified = {2011-06-15 10:33:57 +0200},
	Institution = {Sibley School of Mechanical and Aerospace Engineering, Cornell University, Ithaca, New York},
	Title = {{A Hybrid Algorithm for the Joint PDF Equation of Turbulent Reactive Flows}},
	Year = {2000},
	Bdsk-File-1 = {YnBsaXN0MDDUAQIDBAUIJidUJHRvcFgkb2JqZWN0c1gkdmVyc2lvblkkYXJjaGl2ZXLRBgdUcm9vdIABqAkKFRYXGyIjVSRudWxs0wsMDQ4RFFpOUy5vYmplY3RzV05TLmtleXNWJGNsYXNzog8QgASABqISE4ACgAOAB1lhbGlhc0RhdGFccmVsYXRpdmVQYXRo0hgNGRpXTlMuZGF0YU8RAgYAAAAAAgYAAgAADE1hY2ludG9zaCBIRAAAAAAAAAAAAAAAAAAAAMebJgNIKwAAAJ24Ah9IeWJyaWRQREZUdXJidWxlbnRSZSNBNDBFRjUucGRmAAAAAAAAAAAAAAAAAAAAAAAAAAAAAAAAAAAAAAAAAAAApA71yeXRUgAAAAAAAAAAAAEAAgAACSAAAAAAAAAAAAAAAAAAAAAKbGl0ZXJhdHVyZQAQAAgAAMebF/MAAAARAAgAAMnltTIAAAABABwAnbgCAJixgQCYr2kAVHnNAFR5yAAFuiEAAJGhAAIAWk1hY2ludG9zaCBIRDpVc2VyczpuaWxzOnN2bjp0YWJydWVuZzpUaGVzaXM6ZG9jOmxpdGVyYXR1cmU6SHlicmlkUERGVHVyYnVsZW50UmUjQTQwRUY1LnBkZgAOAEYAIgBIAHkAYgByAGkAZABQAEQARgBUAHUAcgBiAHUAbABlAG4AdABSAGUAYQBjAHQAaQB2AGUARgBsAG8AdwAuAHAAZABmAA8AGgAMAE0AYQBjAGkAbgB0AG8AcwBoACAASABEABIAUFVzZXJzL25pbHMvc3ZuL3RhYnJ1ZW5nL1RoZXNpcy9kb2MvbGl0ZXJhdHVyZS9IeWJyaWRQREZUdXJidWxlbnRSZWFjdGl2ZUZsb3cucGRmABMAAS8AABUAAgAL//8AAIAF0hwdHh9YJGNsYXNzZXNaJGNsYXNzbmFtZaMfICFdTlNNdXRhYmxlRGF0YVZOU0RhdGFYTlNPYmplY3RfEDAuLi9saXRlcmF0dXJlL0h5YnJpZFBERlR1cmJ1bGVudFJlYWN0aXZlRmxvdy5wZGbSHB0kJaIlIVxOU0RpY3Rpb25hcnkSAAGGoF8QD05TS2V5ZWRBcmNoaXZlcgAIABEAFgAfACgAMgA1ADoAPABFAEsAUgBdAGUAbABvAHEAcwB2AHgAegB8AIYAkwCYAKACqgKsArECugLFAskC1wLeAucDGgMfAyIDLwM0AAAAAAAAAgEAAAAAAAAAKAAAAAAAAAAAAAAAAAAAA0Y=}}

@techreport{portingCuda10,
	Author = {Andrew Corrigan and Rainald L{\"o}hner},
	Date-Added = {2011-05-03 14:44:51 +0200},
	Date-Modified = {2011-06-15 10:29:47 +0200},
	Howpublished = {\url{http://www.nvidia.com/content/GTC-2010/pdfs/2005_GTC2010.pdf}},
	Institution = {Center for Computational Fluid Dynamics},
	Keywords = {cuda},
	Title = {{Porting Large Fortran Codebases to GPUs}},
	Year = {2010},
	Bdsk-File-1 = {YnBsaXN0MDDUAQIDBAUIJidUJHRvcFgkb2JqZWN0c1gkdmVyc2lvblkkYXJjaGl2ZXLRBgdUcm9vdIABqAkKFRYXGyIjVSRudWxs0wsMDQ4RFFpOUy5vYmplY3RzV05TLmtleXNWJGNsYXNzog8QgASABqISE4ACgAOAB1lhbGlhc0RhdGFccmVsYXRpdmVQYXRo0hgNGRpXTlMuZGF0YU8RAb4AAAAAAb4AAgAADE1hY2ludG9zaCBIRAAAAAAAAAAAAAAAAAAAAMebJgNIKwAAAJ24Ag9mb3J0cmFuQ1VEQS5wZGYAAAAAAAAAAAAAAAAAAAAAAAAAAAAAAAAAAAAAAAAAAAAAAAAAAAAAAAAAAAAAAAAApA4FyeXFIgAAAAAAAAAAAAEAAgAACSAAAAAAAAAAAAAAAAAAAAAKbGl0ZXJhdHVyZQAQAAgAAMebF/MAAAARAAgAAMnlqQIAAAABABwAnbgCAJixgQCYr2kAVHnNAFR5yAAFuiEAAJGhAAIASk1hY2ludG9zaCBIRDpVc2VyczpuaWxzOnN2bjp0YWJydWVuZzpUaGVzaXM6ZG9jOmxpdGVyYXR1cmU6Zm9ydHJhbkNVREEucGRmAA4AIAAPAGYAbwByAHQAcgBhAG4AQwBVAEQAQQAuAHAAZABmAA8AGgAMAE0AYQBjAGkAbgB0AG8AcwBoACAASABEABIAPVVzZXJzL25pbHMvc3ZuL3RhYnJ1ZW5nL1RoZXNpcy9kb2MvbGl0ZXJhdHVyZS9mb3J0cmFuQ1VEQS5wZGYAABMAAS8AABUAAgAL//8AAIAF0hwdHh9YJGNsYXNzZXNaJGNsYXNzbmFtZaMfICFdTlNNdXRhYmxlRGF0YVZOU0RhdGFYTlNPYmplY3RfEB0uLi9saXRlcmF0dXJlL2ZvcnRyYW5DVURBLnBkZtIcHSQloiUhXE5TRGljdGlvbmFyeRIAAYagXxAPTlNLZXllZEFyY2hpdmVyAAgAEQAWAB8AKAAyADUAOgA8AEUASwBSAF0AZQBsAG8AcQBzAHYAeAB6AHwAhgCTAJgAoAJiAmQCaQJyAn0CgQKPApYCnwK/AsQCxwLUAtkAAAAAAAACAQAAAAAAAAAoAAAAAAAAAAAAAAAAAAAC6w==}}

@article{corrigan09,
	Author = {Andrew Corrigan and Fernando F. Camelli and Rainald L{\"o}hner and John Wallin},
	Date-Added = {2011-05-03 14:07:50 +0200},
	Date-Modified = {2011-06-15 10:28:49 +0200},
	Journal = {International Journal For Numerical Methods in Fluids},
	Keywords = {cuda},
	Title = {{Running unstructured grid-based CFD solvers on modern graphics hardware}},
	Year = {2009},
	Bdsk-File-1 = {YnBsaXN0MDDUAQIDBAUIJidUJHRvcFgkb2JqZWN0c1gkdmVyc2lvblkkYXJjaGl2ZXLRBgdUcm9vdIABqAkKFRYXGyIjVSRudWxs0wsMDQ4RFFpOUy5vYmplY3RzV05TLmtleXNWJGNsYXNzog8QgASABqISE4ACgAOAB1lhbGlhc0RhdGFccmVsYXRpdmVQYXRo0hgNGRpXTlMuZGF0YU8RAdoAAAAAAdoAAgAADE1hY2ludG9zaCBIRAAAAAAAAAAAAAAAAAAAAMebJgNIKwAAAJ24AhZVbnN0cnVjdHVyZWRDRkRHUFUucGRmAAAAAAAAAAAAAAAAAAAAAAAAAAAAAAAAAAAAAAAAAAAAAAAAAAAAAAAApAztyeW88wAAAAAAAAAAAAEAAgAACSAAAAAAAAAAAAAAAAAAAAAKbGl0ZXJhdHVyZQAQAAgAAMebF/MAAAARAAgAAMnloNMAAAABABwAnbgCAJixgQCYr2kAVHnNAFR5yAAFuiEAAJGhAAIAUU1hY2ludG9zaCBIRDpVc2VyczpuaWxzOnN2bjp0YWJydWVuZzpUaGVzaXM6ZG9jOmxpdGVyYXR1cmU6VW5zdHJ1Y3R1cmVkQ0ZER1BVLnBkZgAADgAuABYAVQBuAHMAdAByAHUAYwB0AHUAcgBlAGQAQwBGAEQARwBQAFUALgBwAGQAZgAPABoADABNAGEAYwBpAG4AdABvAHMAaAAgAEgARAASAERVc2Vycy9uaWxzL3N2bi90YWJydWVuZy9UaGVzaXMvZG9jL2xpdGVyYXR1cmUvVW5zdHJ1Y3R1cmVkQ0ZER1BVLnBkZgATAAEvAAAVAAIAC///AACABdIcHR4fWCRjbGFzc2VzWiRjbGFzc25hbWWjHyAhXU5TTXV0YWJsZURhdGFWTlNEYXRhWE5TT2JqZWN0XxAkLi4vbGl0ZXJhdHVyZS9VbnN0cnVjdHVyZWRDRkRHUFUucGRm0hwdJCWiJSFcTlNEaWN0aW9uYXJ5EgABhqBfEA9OU0tleWVkQXJjaGl2ZXIACAARABYAHwAoADIANQA6ADwARQBLAFIAXQBlAGwAbwBxAHMAdgB4AHoAfACGAJMAmACgAn4CgAKFAo4CmQKdAqsCsgK7AuIC5wLqAvcC/AAAAAAAAAIBAAAAAAAAACgAAAAAAAAAAAAAAAAAAAMO}}

@misc{openfoamfeatures,
	Author = {Open CFD Ldt},
	Date-Added = {2011-05-03 13:44:48 +0200},
	Date-Modified = {2011-06-15 10:33:00 +0200},
	Howpublished = {\url{http://www.openfoam.com/features/}},
	Keywords = {openfoam},
	Title = {{Features of OpenFOAM}},
	Year = {2011}}

@misc{netgen,
	Author = {Joachim Sch{\"o}berl},
	Date-Added = {2011-05-02 15:33:53 +0200},
	Date-Modified = {2011-06-15 10:32:41 +0200},
	Howpublished = {\url{http://www.hpfem.jku.at/netgen/}},
	Title = {{NETGEN - Automatic Mesh Generator}},
	Year = {2009}}

@book{ug08,
	Date-Added = {2011-04-18 10:07:12 +0200},
	Date-Modified = {2011-06-15 10:29:32 +0200},
	Keywords = {openfoam},
	Publisher = {OpenCFD UK},
	Title = {{OpenFOAM Users Guide}},
	Year = {2008},
	Bdsk-File-1 = {YnBsaXN0MDDUAQIDBAUIJidUJHRvcFgkb2JqZWN0c1gkdmVyc2lvblkkYXJjaGl2ZXLRBgdUcm9vdIABqAkKFRYXGyIjVSRudWxs0wsMDQ4RFFpOUy5vYmplY3RzV05TLmtleXNWJGNsYXNzog8QgASABqISE4ACgAOAB1lhbGlhc0RhdGFccmVsYXRpdmVQYXRo0hgNGRpXTlMuZGF0YU8RAfAAAAAAAfAAAgAADE1hY2ludG9zaCBIRAAAAAAAAAAAAAAAAAAAAMebJgNIKwAAAAfXUQ1Vc2VyR3VpZGUucGRmAAAAAAAAAAAAAAAAAAAAAAAAAAAAAAAAAAAAAAAAAAAAAAAAAAAAAAAAAAAAAAAAAAAAB9dUxKGi+QAAAAAAAAAAAAUABgAACSAAAAAAAAAAAAAAAAAAAAAPT0ZEb2N1bWVudGF0aW9uAAAQAAgAAMebF/MAAAARAAgAAMShhtkAAAABABwAB9dRAAfXCgAH1hgAB9EuAAey3wAFuiEAAJGhAAIAYk1hY2ludG9zaCBIRDpVc2VyczpuaWxzOkRvY3VtZW50czpNU0U6VmVydGllZnVuZ3Nwcm9qZWt0MjpMaXRlcmF0dXJlOk9GRG9jdW1lbnRhdGlvbjpVc2VyR3VpZGUucGRmAA4AHAANAFUAcwBlAHIARwB1AGkAZABlAC4AcABkAGYADwAaAAwATQBhAGMAaQBuAHQAbwBzAGgAIABIAEQAEgBVVXNlcnMvbmlscy9Eb2N1bWVudHMvTVNFL1ZlcnRpZWZ1bmdzcHJvamVrdDIvTGl0ZXJhdHVyZS9PRkRvY3VtZW50YXRpb24vVXNlckd1aWRlLnBkZgAAEwABLwAAFQACAAv//wAAgAXSHB0eH1gkY2xhc3Nlc1okY2xhc3NuYW1lox8gIV1OU011dGFibGVEYXRhVk5TRGF0YVhOU09iamVjdF8QWS4uLy4uLy4uLy4uLy4uL0RvY3VtZW50cy9NU0UvVmVydGllZnVuZ3Nwcm9qZWt0Mi9MaXRlcmF0dXJlL09GRG9jdW1lbnRhdGlvbi9Vc2VyR3VpZGUucGRm0hwdJCWiJSFcTlNEaWN0aW9uYXJ5EgABhqBfEA9OU0tleWVkQXJjaGl2ZXIACAARABYAHwAoADIANQA6ADwARQBLAFIAXQBlAGwAbwBxAHMAdgB4AHoAfACGAJMAmACgApQClgKbAqQCrwKzAsECyALRAy0DMgM1A0IDRwAAAAAAAAIBAAAAAAAAACgAAAAAAAAAAAAAAAAAAANZ}}

@book{pg08,
	Date-Added = {2011-04-18 10:07:03 +0200},
	Date-Modified = {2011-06-15 10:29:28 +0200},
	Keywords = {openfoam},
	Publisher = {OpenCFD UK},
	Title = {{OpenFOAM Programmers Guide}},
	Year = {2008},
	Bdsk-File-1 = {YnBsaXN0MDDUAQIDBAUIJidUJHRvcFgkb2JqZWN0c1gkdmVyc2lvblkkYXJjaGl2ZXLRBgdUcm9vdIABqAkKFRYXGyIjVSRudWxs0wsMDQ4RFFpOUy5vYmplY3RzV05TLmtleXNWJGNsYXNzog8QgASABqISE4ACgAOAB1lhbGlhc0RhdGFccmVsYXRpdmVQYXRo0hgNGRpXTlMuZGF0YU8RAgwAAAAAAgwAAgAADE1hY2ludG9zaCBIRAAAAAAAAAAAAAAAAAAAAMebJgNIKwAAAAfXURRQcm9ncmFtbWVyc0d1aWRlLnBkZgAAAAAAAAAAAAAAAAAAAAAAAAAAAAAAAAAAAAAAAAAAAAAAAAAAAAAAAAAAB9dTxKGiggAAAAAAAAAAAAUABgAACSAAAAAAAAAAAAAAAAAAAAAPT0ZEb2N1bWVudGF0aW9uAAAQAAgAAMebF/MAAAARAAgAAMShhmIAAAABABwAB9dRAAfXCgAH1hgAB9EuAAey3wAFuiEAAJGhAAIAaU1hY2ludG9zaCBIRDpVc2VyczpuaWxzOkRvY3VtZW50czpNU0U6VmVydGllZnVuZ3Nwcm9qZWt0MjpMaXRlcmF0dXJlOk9GRG9jdW1lbnRhdGlvbjpQcm9ncmFtbWVyc0d1aWRlLnBkZgAADgAqABQAUAByAG8AZwByAGEAbQBtAGUAcgBzAEcAdQBpAGQAZQAuAHAAZABmAA8AGgAMAE0AYQBjAGkAbgB0AG8AcwBoACAASABEABIAXFVzZXJzL25pbHMvRG9jdW1lbnRzL01TRS9WZXJ0aWVmdW5nc3Byb2pla3QyL0xpdGVyYXR1cmUvT0ZEb2N1bWVudGF0aW9uL1Byb2dyYW1tZXJzR3VpZGUucGRmABMAAS8AABUAAgAL//8AAIAF0hwdHh9YJGNsYXNzZXNaJGNsYXNzbmFtZaMfICFdTlNNdXRhYmxlRGF0YVZOU0RhdGFYTlNPYmplY3RfEGAuLi8uLi8uLi8uLi8uLi9Eb2N1bWVudHMvTVNFL1ZlcnRpZWZ1bmdzcHJvamVrdDIvTGl0ZXJhdHVyZS9PRkRvY3VtZW50YXRpb24vUHJvZ3JhbW1lcnNHdWlkZS5wZGbSHB0kJaIlIVxOU0RpY3Rpb25hcnkSAAGGoF8QD05TS2V5ZWRBcmNoaXZlcgAIABEAFgAfACgAMgA1ADoAPABFAEsAUgBdAGUAbABvAHEAcwB2AHgAegB8AIYAkwCYAKACsAKyArcCwALLAs8C3QLkAu0DUANVA1gDZQNqAAAAAAAAAgEAAAAAAAAAKAAAAAAAAAAAAAAAAAAAA3w=}}

@article{macpherson08,
	Abstract = {Many classes of engineering fluid dynamics simulation require the tracking of discrete elements, for example, dispersed particles in a solvent, a spray of diesel injected into an internal combustion engine, or the dynamics of granular materials. Realistic simulations often require complex, 3D geometries, generated from CAD models and meshed with unstructured polyhedra, which may be deforming, in motion or spatially decomposed for parallel computation. We present an algorithm to track the motion of particles in such geometries which is designed to be computationally efficient and robust in imperfect 3D meshes where small holes or overlaps are present. It has been applied to a wide range of engineering problems ranging from injected fuel sprays in internal combustion engines to molecular dynamics modelling of nanoscale flows.},
	Author = {Graham B. Macpherson and Niklas Nordin and Henry G. Weller},
	Date-Added = {2011-03-30 15:49:33 +0200},
	Date-Modified = {2011-03-30 15:49:44 +0200},
	Journal = {Communications in Numerical Methods in Engineering},
	Keywords = {openfoam, lagrangian},
	Rating = {0},
	Read = {No},
	Title = {{Particle tracking in unstructured, arbitrary polyhedral meshes for use in CFD and molecular dynamics}},
	Year = {2008},
	Bdsk-File-1 = {YnBsaXN0MDDUAQIDBAUIJidUJHRvcFgkb2JqZWN0c1gkdmVyc2lvblkkYXJjaGl2ZXLRBgdUcm9vdIABqAkKFRYXGyIjVSRudWxs0wsMDQ4RFFpOUy5vYmplY3RzV05TLmtleXNWJGNsYXNzog8QgASABqISE4ACgAOAB1lhbGlhc0RhdGFccmVsYXRpdmVQYXRo0hgNGRpXTlMuZGF0YU8RAeoAAAAAAeoAAgAADE1hY2ludG9zaCBIRAAAAAAAAAAAAAAAAAAAAMebJgNIKwAAAEjuthRQYXJ0aWNsZVRyYWNraW5nLnBkZgAAAAAAAAAAAAAAAAAAAAAAAAAAAAAAAAAAAAAAAAAAAAAAAAAAAAAAAAAAB9dWxwXBgAAAAAAAAAAAAAUABgAACSAAAAAAAAAAAAAAAAAAAAAEbWlzYwAQAAgAAMebF/MAAAARAAgAAMcFpWAAAAABABwASO62AAfXCgAH1hgAB9EuAAey3wAFuiEAAJGhAAIAXk1hY2ludG9zaCBIRDpVc2VyczpuaWxzOkRvY3VtZW50czpNU0U6VmVydGllZnVuZ3Nwcm9qZWt0MjpMaXRlcmF0dXJlOm1pc2M6UGFydGljbGVUcmFja2luZy5wZGYADgAqABQAUABhAHIAdABpAGMAbABlAFQAcgBhAGMAawBpAG4AZwAuAHAAZABmAA8AGgAMAE0AYQBjAGkAbgB0AG8AcwBoACAASABEABIAUVVzZXJzL25pbHMvRG9jdW1lbnRzL01TRS9WZXJ0aWVmdW5nc3Byb2pla3QyL0xpdGVyYXR1cmUvbWlzYy9QYXJ0aWNsZVRyYWNraW5nLnBkZgAAEwABLwAAFQACAAv//wAAgAXSHB0eH1gkY2xhc3Nlc1okY2xhc3NuYW1lox8gIV1OU011dGFibGVEYXRhVk5TRGF0YVhOU09iamVjdF8QVS4uLy4uLy4uLy4uLy4uL0RvY3VtZW50cy9NU0UvVmVydGllZnVuZ3Nwcm9qZWt0Mi9MaXRlcmF0dXJlL21pc2MvUGFydGljbGVUcmFja2luZy5wZGbSHB0kJaIlIVxOU0RpY3Rpb25hcnkSAAGGoF8QD05TS2V5ZWRBcmNoaXZlcgAIABEAFgAfACgAMgA1ADoAPABFAEsAUgBdAGUAbABvAHEAcwB2AHgAegB8AIYAkwCYAKACjgKQApUCngKpAq0CuwLCAssDIwMoAysDOAM9AAAAAAAAAgEAAAAAAAAAKAAAAAAAAAAAAAAAAAAAA08=}}

@article{coplien95,
	Acmid = {229229},
	Address = {New York, NY, USA},
	Author = {Coplien, James O.},
	Date-Added = {2011-03-24 13:59:21 +0100},
	Date-Modified = {2011-03-24 14:00:03 +0100},
	Issn = {1040-6042},
	Issue = {2},
	Journal = {C++ Rep.},
	Month = {February},
	Numpages = {4},
	Pages = {24--27},
	Publisher = {SIGS Publications, Inc.},
	Title = {Curiously recurring template patterns},
	Url = {http://portal.acm.org/citation.cfm?id=229227.229229},
	Volume = {7},
	Year = {1995},
	Bdsk-File-1 = {YnBsaXN0MDDUAQIDBAUIJidUJHRvcFgkb2JqZWN0c1gkdmVyc2lvblkkYXJjaGl2ZXLRBgdUcm9vdIABqAkKFRYXGyIjVSRudWxs0wsMDQ4RFFpOUy5vYmplY3RzV05TLmtleXNWJGNsYXNzog8QgASABqISE4ACgAOAB1lhbGlhc0RhdGFccmVsYXRpdmVQYXRo0hgNGRpXTlMuZGF0YU8RAdYAAAAAAdYAAgAADE1hY2ludG9zaCBIRAAAAAAAAAAAAAAAAAAAAMebJgNIKwAAAJ24AhVJbmhlcml0ZWRUZW1wbGF0ZS5wZGYAAAAAAAAAAAAAAAAAAAAAAAAAAAAAAAAAAAAAAAAAAAAAAAAAAAAAAAAAoG7oybNw+gAAAAAAAAAAAAEAAgAACSAAAAAAAAAAAAAAAAAAAAAKbGl0ZXJhdHVyZQAQAAgAAMebF/MAAAARAAgAAMmzYuoAAAABABwAnbgCAJixgQCYr2kAVHnNAFR5yAAFuiEAAJGhAAIAUE1hY2ludG9zaCBIRDpVc2VyczpuaWxzOnN2bjp0YWJydWVuZzpUaGVzaXM6ZG9jOmxpdGVyYXR1cmU6SW5oZXJpdGVkVGVtcGxhdGUucGRmAA4ALAAVAEkAbgBoAGUAcgBpAHQAZQBkAFQAZQBtAHAAbABhAHQAZQAuAHAAZABmAA8AGgAMAE0AYQBjAGkAbgB0AG8AcwBoACAASABEABIAQ1VzZXJzL25pbHMvc3ZuL3RhYnJ1ZW5nL1RoZXNpcy9kb2MvbGl0ZXJhdHVyZS9Jbmhlcml0ZWRUZW1wbGF0ZS5wZGYAABMAAS8AABUAAgAL//8AAIAF0hwdHh9YJGNsYXNzZXNaJGNsYXNzbmFtZaMfICFdTlNNdXRhYmxlRGF0YVZOU0RhdGFYTlNPYmplY3RfECMuLi9saXRlcmF0dXJlL0luaGVyaXRlZFRlbXBsYXRlLnBkZtIcHSQloiUhXE5TRGljdGlvbmFyeRIAAYagXxAPTlNLZXllZEFyY2hpdmVyAAgAEQAWAB8AKAAyADUAOgA8AEUASwBSAF0AZQBsAG8AcQBzAHYAeAB6AHwAhgCTAJgAoAJ6AnwCgQKKApUCmQKnAq4CtwLdAuIC5QLyAvcAAAAAAAACAQAAAAAAAAAoAAAAAAAAAAAAAAAAAAADCQ==}}

@phdthesis{nordin00,
	Author = {Niklas Nordin},
	Date-Added = {2011-03-15 15:09:03 +0100},
	Date-Modified = {2011-06-15 10:33:45 +0200},
	Keywords = {lagrangian, openfoam},
	Title = {{Complex Chemistry Modeling of Diesel Spray Combustion}},
	Year = {2000},
	Bdsk-File-1 = {YnBsaXN0MDDUAQIDBAUIJidUJHRvcFgkb2JqZWN0c1gkdmVyc2lvblkkYXJjaGl2ZXLRBgdUcm9vdIABqAkKFRYXGyIjVSRudWxs0wsMDQ4RFFpOUy5vYmplY3RzV05TLmtleXNWJGNsYXNzog8QgASABqISE4ACgAOAB1lhbGlhc0RhdGFccmVsYXRpdmVQYXRo0hgNGRpXTlMuZGF0YU8RAeYAAAAAAeYAAgAADE1hY2ludG9zaCBIRAAAAAAAAAAAAAAAAAAAAMebJgNIKwAAAEjuthNOaWtsYXNOb3JkaW5QaEQucGRmAAAAAAAAAAAAAAAAAAAAAAAAAAAAAAAAAAAAAAAAAAAAAAAAAAAAAAAAAAAAB9dQxvFrhAAAAAAAAAAAAAUABgAACSAAAAAAAAAAAAAAAAAAAAAEbWlzYwAQAAgAAMebF/MAAAARAAgAAMbxT2QAAAABABwASO62AAfXCgAH1hgAB9EuAAey3wAFuiEAAJGhAAIAXU1hY2ludG9zaCBIRDpVc2VyczpuaWxzOkRvY3VtZW50czpNU0U6VmVydGllZnVuZ3Nwcm9qZWt0MjpMaXRlcmF0dXJlOm1pc2M6TmlrbGFzTm9yZGluUGhELnBkZgAADgAoABMATgBpAGsAbABhAHMATgBvAHIAZABpAG4AUABoAEQALgBwAGQAZgAPABoADABNAGEAYwBpAG4AdABvAHMAaAAgAEgARAASAFBVc2Vycy9uaWxzL0RvY3VtZW50cy9NU0UvVmVydGllZnVuZ3Nwcm9qZWt0Mi9MaXRlcmF0dXJlL21pc2MvTmlrbGFzTm9yZGluUGhELnBkZgATAAEvAAAVAAIAC///AACABdIcHR4fWCRjbGFzc2VzWiRjbGFzc25hbWWjHyAhXU5TTXV0YWJsZURhdGFWTlNEYXRhWE5TT2JqZWN0XxBULi4vLi4vLi4vLi4vLi4vRG9jdW1lbnRzL01TRS9WZXJ0aWVmdW5nc3Byb2pla3QyL0xpdGVyYXR1cmUvbWlzYy9OaWtsYXNOb3JkaW5QaEQucGRm0hwdJCWiJSFcTlNEaWN0aW9uYXJ5EgABhqBfEA9OU0tleWVkQXJjaGl2ZXIACAARABYAHwAoADIANQA6ADwARQBLAFIAXQBlAGwAbwBxAHMAdgB4AHoAfACGAJMAmACgAooCjAKRApoCpQKpArcCvgLHAx4DIwMmAzMDOAAAAAAAAAIBAAAAAAAAACgAAAAAAAAAAAAAAAAAAANK}}

@phdthesis{jasak96,
	Abstract = {The accuracy of numerical simulation algorithms is one of main concerns in modern Computational Fluid Dynamics. Development of new and more accurate mathe- matical models requires an insight into the problem of numerical errors.
In order to construct an estimate of the solution error in Finite Volume cal- culations, it is first necessary to examine its sources. Discretisation errors can be divided into two groups: errors caused by the discretisation of the solution domain and equation discretisation errors. The first group includes insufficient mesh reso- lution, mesh skewness and non-orthogonality. In the case of the second order Finite Volume method, equation discretisation errors are represented through numerical diffusion. Numerical diffusion coefficients from the discretisation of the convection term and the temporal derivative are derived. In an attempt to reduce numeri- cal diffusion from the convection term, a new stabilised and bounded second-order differencing scheme is proposed.
Three new methods of error estimation are presented. The Direct Taylor Series Error estimate is based on the Taylor series truncation error analysis. It is set up to enable single-mesh single-run error estimation. The Moment Error estimate derives the solution error from the cell imbalance in higher moments of the solution. A suitable normalisation is used to estimate the error magnitude. The Residual Error estimate is based on the local inconsistency between face interpolation and volume integration. Extensions of the method to transient flows and the Local Residual Problem error estimate are also given.
Finally, an automatic error-controlled adaptive mesh refinement algorithm is set up in order to automatically produce a solution of pre-determined accuracy. It uses mesh refinement and unrefinement to control the local error magnitude. The method is tested on several characteristic flow situations, ranging from incompressible to supersonic flows, for both steady-state and transient problems.},
	Author = {Hrvoje Jasak},
	Date-Added = {2011-03-15 15:08:53 +0100},
	Date-Modified = {2011-06-15 10:33:06 +0200},
	Keywords = {openfoam},
	School = {Imperial College},
	Title = {{Error Analysis and Estimation for the Finite Volume Method with Applications to Fluid Flows}},
	Year = {1996},
	Bdsk-File-1 = {YnBsaXN0MDDUAQIDBAUIJidUJHRvcFgkb2JqZWN0c1gkdmVyc2lvblkkYXJjaGl2ZXLRBgdUcm9vdIABqAkKFRYXGyIjVSRudWxs0wsMDQ4RFFpOUy5vYmplY3RzV05TLmtleXNWJGNsYXNzog8QgASABqISE4ACgAOAB1lhbGlhc0RhdGFccmVsYXRpdmVQYXRo0hgNGRpXTlMuZGF0YU8RAeYAAAAAAeYAAgAADE1hY2ludG9zaCBIRAAAAAAAAAAAAAAAAAAAAMebJgNIKwAAAAfXRRJIcnZvamVKYXNha1BoRC5wZGYAAAAAAAAAAAAAAAAAAAAAAAAAAAAAAAAAAAAAAAAAAAAAAAAAAAAAAAAAAAAAB9dIxpYRMQAAAAAAAAAAAAUABgAACSAAAAAAAAAAAAAAAAAAAAAFSmFzYWsAABAACAAAx5sX8wAAABEACAAAxpX1EQAAAAEAHAAH10UAB9cKAAfWGAAH0S4AB7LfAAW6IQAAkaEAAgBdTWFjaW50b3NoIEhEOlVzZXJzOm5pbHM6RG9jdW1lbnRzOk1TRTpWZXJ0aWVmdW5nc3Byb2pla3QyOkxpdGVyYXR1cmU6SmFzYWs6SHJ2b2plSmFzYWtQaEQucGRmAAAOACYAEgBIAHIAdgBvAGoAZQBKAGEAcwBhAGsAUABoAEQALgBwAGQAZgAPABoADABNAGEAYwBpAG4AdABvAHMAaAAgAEgARAASAFBVc2Vycy9uaWxzL0RvY3VtZW50cy9NU0UvVmVydGllZnVuZ3Nwcm9qZWt0Mi9MaXRlcmF0dXJlL0phc2FrL0hydm9qZUphc2FrUGhELnBkZgATAAEvAAAVAAIAC///AACABdIcHR4fWCRjbGFzc2VzWiRjbGFzc25hbWWjHyAhXU5TTXV0YWJsZURhdGFWTlNEYXRhWE5TT2JqZWN0XxBULi4vLi4vLi4vLi4vLi4vRG9jdW1lbnRzL01TRS9WZXJ0aWVmdW5nc3Byb2pla3QyL0xpdGVyYXR1cmUvSmFzYWsvSHJ2b2plSmFzYWtQaEQucGRm0hwdJCWiJSFcTlNEaWN0aW9uYXJ5EgABhqBfEA9OU0tleWVkQXJjaGl2ZXIACAARABYAHwAoADIANQA6ADwARQBLAFIAXQBlAGwAbwBxAHMAdgB4AHoAfACGAJMAmACgAooCjAKRApoCpQKpArcCvgLHAx4DIwMmAzMDOAAAAAAAAAIBAAAAAAAAACgAAAAAAAAAAAAAAAAAAANK}}

@techreport{solidParticle11,
	Author = {Mihails Scepanskis and Andris Jakovics},
	Date-Added = {2011-03-15 15:05:35 +0100},
	Date-Modified = {2011-06-15 10:29:03 +0200},
	Institution = {University of Latvia},
	Keywords = {lagrangian, openfoam},
	Title = {{The Lagrangian Particles in the EM Driven Turbulent Flow with Fine Mesh (the Treatement of solidParticle Library in OpenFOAM)}},
	Year = {2011},
	Bdsk-File-1 = {YnBsaXN0MDDUAQIDBAUIJidUJHRvcFgkb2JqZWN0c1gkdmVyc2lvblkkYXJjaGl2ZXLRBgdUcm9vdIABqAkKFRYXGyIjVSRudWxs0wsMDQ4RFFpOUy5vYmplY3RzV05TLmtleXNWJGNsYXNzog8QgASABqISE4ACgAOAB1lhbGlhc0RhdGFccmVsYXRpdmVQYXRo0hgNGRpXTlMuZGF0YU8RAgAAAAAAAgAAAgAADE1hY2ludG9zaCBIRAAAAAAAAAAAAAAAAAAAAMebJgNIKwAAAJ24Ah9PU0NJQy0xMF9TY2VwYW5za2lzXyM5REI4M0QucGRmAAAAAAAAAAAAAAAAAAAAAAAAAAAAAAAAAAAAAAAAAAAAnbg9yaUJSwAAAAAAAAAAAAEAAgAACSAAAAAAAAAAAAAAAAAAAAAKbGl0ZXJhdHVyZQAQAAgAAMebF/MAAAARAAgAAMmk+zsAAAABABwAnbgCAJixgQCYr2kAVHnNAFR5yAAFuiEAAJGhAAIAWk1hY2ludG9zaCBIRDpVc2VyczpuaWxzOnN2bjp0YWJydWVuZzpUaGVzaXM6ZG9jOmxpdGVyYXR1cmU6T1NDSUMtMTBfU2NlcGFuc2tpc18jOURCODNELnBkZgAOAEIAIABPAFMAQwBJAEMALQAxADAAXwBTAGMAZQBwAGEAbgBzAGsAaQBzAF8ASgBhAGsAbwB2AGkAYwBzAC4AcABkAGYADwAaAAwATQBhAGMAaQBuAHQAbwBzAGgAIABIAEQAEgBOVXNlcnMvbmlscy9zdm4vdGFicnVlbmcvVGhlc2lzL2RvYy9saXRlcmF0dXJlL09TQ0lDLTEwX1NjZXBhbnNraXNfSmFrb3ZpY3MucGRmABMAAS8AABUAAgAL//8AAIAF0hwdHh9YJGNsYXNzZXNaJGNsYXNzbmFtZaMfICFdTlNNdXRhYmxlRGF0YVZOU0RhdGFYTlNPYmplY3RfEC4uLi9saXRlcmF0dXJlL09TQ0lDLTEwX1NjZXBhbnNraXNfSmFrb3ZpY3MucGRm0hwdJCWiJSFcTlNEaWN0aW9uYXJ5EgABhqBfEA9OU0tleWVkQXJjaGl2ZXIACAARABYAHwAoADIANQA6ADwARQBLAFIAXQBlAGwAbwBxAHMAdgB4AHoAfACGAJMAmACgAqQCpgKrArQCvwLDAtEC2ALhAxIDFwMaAycDLAAAAAAAAAIBAAAAAAAAACgAAAAAAAAAAAAAAAAAAAM+}}
